@article{bhattacharjee2018,
  title={A Search for Good Pseudo-random Number Generators : Survey and Empirical Studies},
  author={Kamalika Bhattacharjee and Krishnendu Maity and Sukanta Das},
  journal={Comput. Sci. Rev.},
  year={2018},
  volume={45},
  pages={100471}
}

@inproceedings{singh2020,
  author={Singh, Mehul and Singh, Prabhishek and Kumar, Pramod},
  booktitle={2020 International Conference on Computer Science, Engineering and Applications (ICCSEA)}, 
  title={An Empirical Study of Non-Cryptographically Secure Pseudorandom Number Generators}, 
  year={2020},
  volume={},
  number={},
  pages={1-6},
  doi={10.1109/ICCSEA49143.2020.9132873}
}

@techreport{oneill2014,
    title = "PCG: A Family of Simple Fast Space-Efficient Statistically Good Algorithms for Random Number Generation",
    author = "Melissa E. O'Neill",
    institution = "Harvey Mudd College",
    address = "Claremont, CA",
    number = "HMC-CS-2014-0905",
    year = "2014",
    month = Sep,
    url = "https://www.cs.hmc.edu/tr/hmc-cs-2014-0905.pdf",
}

@techreport{hurd2003formal,
  title={Formal verification of probabilistic algorithms},
  author={Hurd, Joe},
  year={2003},
  institution={University of Cambridge, Computer Laboratory}
}

@book{fremlin2000,
  title={Measure theory},
  author={Fremlin, David Heaver},
  volume={4},
  year={2000},
  publisher={Torres Fremlin}
}

@misc{pcgbasic,
  author = "Melissa E. O'Neill",
  title = "PCG Random Number Generation, Minimal C Edition",
  url= "https://archive.softwareheritage.org/swh:1:dir:0131a89d677e0443a5570019dfa6cc5320e385e9;origin=https://github.com/imneme/pcg-c-basic;visit=swh:1:snp:939e53c67b5d4429ed5dec5d2ea268e1ab162dcf;anchor=swh:1:rev:bc39cd76ac3d541e618606bcc6e1e5ba5e5e6aa3",
}